@misc{UAMINF,
  author  = {Universidad Autónoma de Madrid},
  title   = {'UAM en Cifras 2022/2023', la Universidad Autónoma de Madrid en 168 páginas},
  year    = 2024,
  url     = {https://www.uam.es/uam/noticias/informe-anual-cifras-22-23},
  urldate = {17/06/2024}
}

@article{ABDALLA202249,
  title    = {Cosmology intertwined: A review of the particle physics, astrophysics, and cosmology associated with the cosmological tensions and anomalies},
  journal  = {Journal of High Energy Astrophysics},
  volume   = {34},
  pages    = {49-211},
  year     = {2022},
  issn     = {2214-4048},
  doi      = {https://doi.org/10.1016/j.jheap.2022.04.002},
  url      = {https://www.sciencedirect.com/science/article/pii/S2214404822000179},
  author   = {Elcio Abdalla and Guillermo Franco Abellán and Amin Aboubrahim and Adriano Agnello and Özgür Akarsu and Yashar Akrami and George Alestas and Daniel Aloni and Luca Amendola and Luis A. Anchordoqui and Richard I. Anderson and Nikki Arendse and Marika Asgari and Mario Ballardini and Vernon Barger and Spyros Basilakos and Ronaldo C. Batista and Elia S. Battistelli and Richard Battye and Micol Benetti and David Benisty and Asher Berlin and Paolo {de Bernardis} and Emanuele Berti and Bohdan Bidenko and Simon Birrer and John P. Blakeslee and Kimberly K. Boddy and Clecio R. Bom and Alexander Bonilla and Nicola Borghi and François R. Bouchet and Matteo Braglia and Thomas Buchert and Elizabeth Buckley-Geer and Erminia Calabrese and Robert R. Caldwell and David Camarena and Salvatore Capozziello and Stefano Casertano and Geoff C.-F. Chen and Jens Chluba and Angela Chen and Hsin-Yu Chen and Anton Chudaykin and Michele Cicoli and Craig J. Copi and Fred Courbin and Francis-Yan Cyr-Racine and Bożena Czerny and Maria Dainotti and Guido D'Amico and Anne-Christine Davis and Javier {de Cruz Pérez} and Jaume {de Haro} and Jacques Delabrouille and Peter B. Denton and Suhail Dhawan and Keith R. Dienes and Eleonora {Di Valentino} and Pu Du and Dominique Eckert and Celia Escamilla-Rivera and Agnès Ferté and Fabio Finelli and Pablo Fosalba and Wendy L. Freedman and Noemi Frusciante and Enrique Gaztañaga and William Giarè and Elena Giusarma and Adrià Gómez-Valent and Will Handley and Ian Harrison and Luke Hart and Dhiraj Kumar Hazra and Alan Heavens and Asta Heinesen and Hendrik Hildebrandt and J. Colin Hill and Natalie B. Hogg and Daniel E. Holz and Deanna C. Hooper and Nikoo Hosseininejad and Dragan Huterer and Mustapha Ishak and Mikhail M. Ivanov and Andrew H. Jaffe and In Sung Jang and Karsten Jedamzik and Raul Jimenez and Melissa Joseph and Shahab Joudaki and Marc Kamionkowski and Tanvi Karwal and Lavrentios Kazantzidis and Ryan E. Keeley and Michael Klasen and Eiichiro Komatsu and Léon V.E. Koopmans and Suresh Kumar and Luca Lamagna and Ruth Lazkoz and Chung-Chi Lee and Julien Lesgourgues and Jackson {Levi Said} and Tiffany R. Lewis and Benjamin L'Huillier and Matteo Lucca and Roy Maartens and Lucas M. Macri and Danny Marfatia and Valerio Marra and Carlos J.A.P. Martins and Silvia Masi and Sabino Matarrese and Arindam Mazumdar and Alessandro Melchiorri and Olga Mena and Laura Mersini-Houghton and James Mertens and Dinko Milaković and Yuto Minami and Vivian Miranda and Cristian Moreno-Pulido and Michele Moresco and David F. Mota and Emil Mottola and Simone Mozzon and Jessica Muir and Ankan Mukherjee and Suvodip Mukherjee and Pavel Naselsky and Pran Nath and Savvas Nesseris and Florian Niedermann and Alessio Notari and Rafael C. Nunes and Eoin {Ó Colgáin} and Kayla A. Owens and Emre Özülker and Francesco Pace and Andronikos Paliathanasis and Antonella Palmese and Supriya Pan and Daniela Paoletti and Santiago E. {Perez Bergliaffa} and Leandros Perivolaropoulos and Dominic W. Pesce and Valeria Pettorino and Oliver H.E. Philcox and Levon Pogosian and Vivian Poulin and Gaspard Poulot and Marco Raveri and Mark J. Reid and Fabrizio Renzi and Adam G. Riess and Vivian I. Sabla and Paolo Salucci and Vincenzo Salzano and Emmanuel N. Saridakis and Bangalore S. Sathyaprakash and Martin Schmaltz and Nils Schöneberg and Dan Scolnic and Anjan A. Sen and Neelima Sehgal and Arman Shafieloo and M.M. Sheikh-Jabbari and Joseph Silk and Alessandra Silvestri and Foteini Skara and Martin S. Sloth and Marcelle Soares-Santos and Joan {Solà Peracaula} and Yu-Yang Songsheng and Jorge F. Soriano and Denitsa Staicova and Glenn D. Starkman and István Szapudi and Elsa M. Teixeira and Brooks Thomas and Tommaso Treu and Emery Trott and Carsten {van de Bruck} and J. Alberto Vazquez and Licia Verde and Luca Visinelli and Deng Wang and Jian-Min Wang and Shao-Jiang Wang and Richard Watkins and Scott Watson and John K. Webb and Neal Weiner and Amanda Weltman and Samuel J. Witte and Radosław Wojtak and Anil Kumar Yadav and Weiqiang Yang and Gong-Bo Zhao and Miguel Zumalacárregui},
  abstract = {The standard Λ Cold Dark Matter (ΛCDM) cosmological model provides a good description of a wide range of astrophysical and cosmological data. However, there are a few big open questions that make the standard model look like an approximation to a more realistic scenario yet to be found. In this paper, we list a few important goals that need to be addressed in the next decade, taking into account the current discordances between the different cosmological probes, such as the disagreement in the value of the Hubble constant H0, the σ8–S8 tension, and other less statistically significant anomalies. While these discordances can still be in part the result of systematic errors, their persistence after several years of accurate analysis strongly hints at cracks in the standard cosmological scenario and the necessity for new physics or generalisations beyond the standard model. In this paper, we focus on the 5.0σ tension between the Planck CMB estimate of the Hubble constant H0 and the SH0ES collaboration measurements. After showing the H0 evaluations made from different teams using different methods and geometric calibrations, we list a few interesting new physics models that could alleviate this tension and discuss how the next decade's experiments will be crucial. Moreover, we focus on the tension of the Planck CMB data with weak lensing measurements and redshift surveys, about the value of the matter energy density Ωm, and the amplitude or rate of the growth of structure (σ8,fσ8). We list a few interesting models proposed for alleviating this tension, and we discuss the importance of trying to fit a full array of data with a single model and not just one parameter at a time. Additionally, we present a wide range of other less discussed anomalies at a statistical significance level lower than the H0–S8 tensions which may also constitute hints towards new physics, and we discuss possible generic theoretical approaches that can collectively explain the non-standard nature of these signals. Finally, we give an overview of upgraded experiments and next-generation space missions and facilities on Earth that will be of crucial importance to address all these open questions.}
}

@article{cosmoplanck_2020,
  title     = {Planck2018 results: V. CMB power spectra and likelihoods},
  volume    = {641},
  issn      = {1432-0746},
  url       = {http://dx.doi.org/10.1051/0004-6361/201936386},
  doi       = {10.1051/0004-6361/201936386},
  journal   = {Astronomy &amp; Astrophysics},
  publisher = {EDP Sciences},
  author    = {Aghanim, N. and Akrami, Y. and Ashdown, M. and Aumont, J. and Baccigalupi, C. and Ballardini, M. and Banday, A. J. and Barreiro, R. B. and Bartolo, N. and Basak, S. and Benabed, K. and Bernard, J.-P. and Bersanelli, M. and Bielewicz, P. and Bock, J. J. and Bond, J. R. and Borrill, J. and Bouchet, F. R. and Boulanger, F. and Bucher, M. and Burigana, C. and Butler, R. C. and Calabrese, E. and Cardoso, J.-F. and Carron, J. and Casaponsa, B. and Challinor, A. and Chiang, H. C. and Colombo, L. P. L. and Combet, C. and Crill, B. P. and Cuttaia, F. and de Bernardis, P. and de Rosa, A. and de Zotti, G. and Delabrouille, J. and Delouis, J.-M. and Di Valentino, E. and Diego, J. M. and Doré, O. and Douspis, M. and Ducout, A. and Dupac, X. and Dusini, S. and Efstathiou, G. and Elsner, F. and Enßlin, T. A. and Eriksen, H. K. and Fantaye, Y. and Fernandez-Cobos, R. and Finelli, F. and Frailis, M. and Fraisse, A. A. and Franceschi, E. and Frolov, A. and Galeotta, S. and Galli, S. and Ganga, K. and Génova-Santos, R. T. and Gerbino, M. and Ghosh, T. and Giraud-Héraud, Y. and González-Nuevo, J. and Górski, K. M. and Gratton, S. and Gruppuso, A. and Gudmundsson, J. E. and Hamann, J. and Handley, W. and Hansen, F. K. and Herranz, D. and Hivon, E. and Huang, Z. and Jaffe, A. H. and Jones, W. C. and Keihänen, E. and Keskitalo, R. and Kiiveri, K. and Kim, J. and Kisner, T. S. and Krachmalnicoff, N. and Kunz, M. and Kurki-Suonio, H. and Lagache, G. and Lamarre, J.-M. and Lasenby, A. and Lattanzi, M. and Lawrence, C. R. and Le Jeune, M. and Levrier, F. and Lewis, A. and Liguori, M. and Lilje, P. B. and Lilley, M. and Lindholm, V. and López-Caniego, M. and Lubin, P. M. and Ma, Y.-Z. and Macías-Pérez, J. F. and Maggio, G. and Maino, D. and Mandolesi, N. and Mangilli, A. and Marcos-Caballero, A. and Maris, M. and Martin, P. G. and Martínez-González, E. and Matarrese, S. and Mauri, N. and McEwen, J. D. and Meinhold, P. R. and Melchiorri, A. and Mennella, A. and Migliaccio, M. and Millea, M. and Miville-Deschênes, M.-A. and Molinari, D. and Moneti, A. and Montier, L. and Morgante, G. and Moss, A. and Natoli, P. and Nørgaard-Nielsen, H. U. and Pagano, L. and Paoletti, D. and Partridge, B. and Patanchon, G. and Peiris, H. V. and Perrotta, F. and Pettorino, V. and Piacentini, F. and Polenta, G. and Puget, J.-L. and Rachen, J. P. and Reinecke, M. and Remazeilles, M. and Renzi, A. and Rocha, G. and Rosset, C. and Roudier, G. and Rubiño-Martín, J. A. and Ruiz-Granados, B. and Salvati, L. and Sandri, M. and Savelainen, M. and Scott, D. and Shellard, E. P. S. and Sirignano, C. and Sirri, G. and Spencer, L. D. and Sunyaev, R. and Suur-Uski, A.-S. and Tauber, J. A. and Tavagnacco, D. and Tenti, M. and Toffolatti, L. and Tomasi, M. and Trombetti, T. and Valiviita, J. and Van Tent, B. and Vielva, P. and Villa, F. and Vittorio, N. and Wandelt, B. D. and Wehus, I. K. and Zacchei, A. and Zonca, A.},
  year      = {2020},
  month     = sep,
  pages     = {A5}
}

@misc{planck_legacy_archive,
  author       = {{Planck Collaboration}},
  title        = {Planck Legacy Archive},
  howpublished = {\url{https://pla.esac.esa.int/}},
  note         = {Accedido el 25 de febrero de 2025},
  year         = {2015}
}

@article{Spergel_2003,
  title     = {First‐Year
               Wilkinson Microwave Anisotropy Probe
               (
               WMAP
               ) Observations: Determination of Cosmological Parameters},
  volume    = {148},
  issn      = {1538-4365},
  url       = {http://dx.doi.org/10.1086/377226},
  doi       = {10.1086/377226},
  number    = {1},
  journal   = {The Astrophysical Journal Supplement Series},
  publisher = {American Astronomical Society},
  author    = {Spergel, D. N. and Verde, L. and Peiris, H. V. and Komatsu, E. and Nolta, M. R. and Bennett, C. L. and Halpern, M. and Hinshaw, G. and Jarosik, N. and Kogut, A. and Limon, M. and Meyer, S. S. and Page, L. and Tucker, G. S. and Weiland, J. L. and Wollack, E. and Wright, E. L.},
  year      = {2003},
  month     = sep,
  pages     = {175–194}
}

@article{cobaya,
  title     = {Cobaya: code for Bayesian analysis of hierarchical physical models},
  volume    = {2021},
  issn      = {1475-7516},
  url       = {http://dx.doi.org/10.1088/1475-7516/2021/05/057},
  doi       = {10.1088/1475-7516/2021/05/057},
  number    = {05},
  journal   = {Journal of Cosmology and Astroparticle Physics},
  publisher = {IOP Publishing},
  author    = {Torrado, Jesús and Lewis, Antony},
  year      = {2021},
  month     = may,
  pages     = {057}
}

@article{Lewis:1999bs,
  author        = {Lewis, Antony and Challinor, Anthony and Lasenby, Anthony},
  title         = {Efficient computation of CMB anisotropies in closed FRW models},
  journal       = {Astrophys. J.},
  volume        = {538},
  year          = {2000},
  pages         = {473-476},
  doi           = {10.1086/309179},
  eprint        = {astro-ph/9911177},
  archiveprefix = {arXiv},
  primaryclass  = {astro-ph},
  url           = {https://arxiv.org/abs/astro-ph/9911177}
}

@misc{CAMB_GitHub,
  author       = {Lewis, Antony},
  title        = {CAMB: Code for Anisotropies in the Microwave Background},
  howpublished = {\url{https://github.com/cmbant/CAMB}},
  note         = {Accessed: 2025-02-26}
}

@article{Lewis:2019xzd,
  author        = {Lewis, Antony},
  title         = {{GetDist: a Python package for analysing Monte Carlo
                   samples}},
  year          = {2019},
  eprint        = {1910.13970},
  archiveprefix = {arXiv},
  primaryclass  = {astro-ph.IM},
  slaccitation  = {%%CITATION = ARXIV:1910.13970;%%},
  url           = {https://getdist.readthedocs.io}
}

@article{Zonca2019,
  doi       = {10.21105/joss.01298},
  url       = {https://doi.org/10.21105/joss.01298},
  year      = {2019},
  month     = mar,
  publisher = {The Open Journal},
  volume    = {4},
  number    = {35},
  pages     = {1298},
  author    = {Andrea Zonca and Leo Singer and Daniel Lenz and Martin Reinecke and Cyrille Rosset and Eric Hivon and Krzysztof Gorski},
  title     = {healpy: equal area pixelization and spherical harmonics transforms for data on the sphere in Python},
  journal   = {Journal of Open Source Software}
}

@article{healpix,
  author   = {{G{\'o}rski}, K.~M. and {Hivon}, E. and {Banday}, A.~J. and 
              {Wandelt}, B.~D. and {Hansen}, F.~K. and {Reinecke}, M. and 
              {Bartelmann}, M.},
  title    = {{HEALPix: A Framework for High-Resolution Discretization and Fast Analysis of Data Distributed on the Sphere}},
  journal  = {\apj},
  eprint   = {arXiv:astro-ph/0409513},
  keywords = {Cosmology: Cosmic Microwave Background, Cosmology: Observations, Methods: Statistical},
  year     = 2005,
  month    = apr,
  volume   = 622,
  pages    = {759-771},
  doi      = {10.1086/427976},
  adsurl   = {http://adsabs.harvard.edu/abs/2005ApJ...622..759G},
  adsnote  = {Provided by the SAO/NASA Astrophysics Data System}
}

@article{Forconi_2025,
  title     = {One extension to explain them all, one scale-invariant spectrum to test them all, and in one model bind them},
  volume    = {48},
  issn      = {2212-6864},
  url       = {http://dx.doi.org/10.1016/j.dark.2025.101904},
  doi       = {10.1016/j.dark.2025.101904},
  journal   = {Physics of the Dark Universe},
  publisher = {Elsevier BV},
  author    = {Forconi, Matteo and Di Valentino, Eleonora},
  year      = {2025},
  month     = may,
  pages     = {101904}
}

@article{Carlitz1961,
  author  = {L. Carlitz},
  title   = {Some integrals containing products of Legendre polynomials},
  journal = {Archiv der Mathematik},
  volume  = {12},
  number  = {1},
  pages   = {334--340},
  year    = {1961},
  doi     = {10.1007/BF01650571},
  url     = {https://link.springer.com/article/10.1007/BF01650571}
}


